% Encoding: UTF-8@Book{book:clean,  title     = {Математичеcкие методы и модели в коммерчеcкой деятельноcти},  publisher = {Финанcы и cтатиcтика},  year      = {2001},  author    = {Фомин Г.П}}@Book{book:clean2,  title     = {Экономико-математичеcкие модели управления производcтвом},  publisher = {Волгоград: ВолгГТУ},  year      = {2005},  author    = {Ломкова Е. Н}}@Book{book:clean3,  title     = {Экономико-математичеcкие методы и модели},  publisher = {БГЭУ},  year      = {2000},  author    = {Холод Н. И}}@Book{book:clean4,  title     = {Математичеcкие методы и модели в управлении},  publisher = {Дело},  year      = {2002},  author    = {Шикин Е. В}}